@BOOK{2009fcst.book.....Z,
       author = {{Zwiebach}, Barton},
        title = "{A First Course in String Theory}",
         year = 2009,
       adsurl = {https://ui.adsabs.harvard.edu/abs/2009fcst.book.....Z},
      adsnote = {Provided by the SAO/NASA Astrophysics Data System}
}

